<record><leader>00000cas a2200000 a 4500</leader><controlfield tag="001">12322140</controlfield><controlfield tag="008">850730d18551860miuwr ne      0    0eng c</controlfield><datafield ind1=" " ind2=" " tag="010"><subfield code="a">sn 85026649 </subfield></datafield><datafield ind1=" " ind2=" " tag="040"><subfield code="a">NPX</subfield><subfield code="b">eng</subfield><subfield code="c">NPX</subfield><subfield code="d">MHN</subfield><subfield code="d">OCL</subfield><subfield code="d">OCLCQ</subfield><subfield code="d">OCLCF</subfield><subfield code="d">OCLCO</subfield></datafield><datafield ind1="1" ind2=" " tag="029"><subfield code="a">AU@</subfield><subfield code="b">000020233951</subfield></datafield><datafield ind1=" " ind2=" " tag="042"><subfield code="a">pcc</subfield></datafield><datafield ind1=" " ind2=" " tag="043"><subfield code="a">n-us-mi</subfield></datafield><datafield ind1="0" ind2=" " tag="130"><subfield code="a">Weekly Michigan argus (Ann Arbor, Mich. : 1855)</subfield></datafield><datafield ind1="1" ind2="4" tag="245"><subfield code="a">The Weekly Michigan argus.</subfield></datafield><datafield ind1="1" ind2="7" tag="246"><subfield code="a">Michigan argus</subfield></datafield><datafield ind1=" " ind2=" " tag="260"><subfield code="a">Ann Arbor, Mich. :</subfield><subfield code="b">Elihu B. Pond</subfield></datafield><datafield ind1=" " ind2=" " tag="300"><subfield code="a">v.</subfield></datafield><datafield ind1=" " ind2=" " tag="310"><subfield code="a">Weekly</subfield></datafield><datafield ind1="0" ind2=" " tag="362"><subfield code="a">Vol. 10, no. 1 (Jan. 5, 1855)-v. 15, no. 26 (June 29, 1860)=whole no. 467-735.</subfield></datafield><datafield ind1=" " ind2=" " tag="500"><subfield code="a">Editor: Elihu B. Pond, &lt;1858&gt;.</subfield></datafield><datafield ind1=" " ind2="0" tag="651"><subfield code="a">Ann Arbor (Mich.)</subfield><subfield code="v">Newspapers.</subfield></datafield><datafield ind1=" " ind2="0" tag="651"><subfield code="a">Washtenaw County (Mich.)</subfield><subfield code="v">Newspapers.</subfield></datafield><datafield ind1=" " ind2="7" tag="655"><subfield code="a">Newspapers.</subfield><subfield code="2">fast</subfield><subfield code="0">(OCoLC)fst01423814</subfield></datafield><datafield ind1=" " ind2="7" tag="651"><subfield code="a">Michigan</subfield><subfield code="z">Ann Arbor.</subfield><subfield code="2">fast</subfield><subfield code="0">(OCoLC)fst01204587</subfield></datafield><datafield ind1=" " ind2="7" tag="651"><subfield code="a">Michigan</subfield><subfield code="z">Washtenaw County.</subfield><subfield code="2">fast</subfield><subfield code="0">(OCoLC)fst01214739</subfield></datafield><datafield ind1=" " ind2=" " tag="752"><subfield code="a">United States</subfield><subfield code="b">Michigan</subfield><subfield code="c">Washtenaw</subfield><subfield code="d">Ann Arbor.</subfield></datafield><datafield ind1="0" ind2="0" tag="780"><subfield code="t">Michigan argus (Ann Arbor, Mich. : 1846)</subfield><subfield code="w">(DLC)sn 85026648</subfield><subfield code="w">(OCoLC)12321989</subfield></datafield><datafield ind1="0" ind2="0" tag="785"><subfield code="t">Michigan argus (Ann Arbor, Mich. : 1860)</subfield><subfield code="w">(DLC)sn 97063388</subfield><subfield code="w">(OCoLC)37650745</subfield></datafield></record>